% Local para colocar referÃªncias. Usar pacote abntex2cite.